<?xml version="1.0" encoding="UTF-8"?>
<record xmlns="http://www.loc.gov/MARC21/slim">
   <leader>00877cam a2200217 a 4500</leader>
   <controlfield tag="001">519125</controlfield>
   <controlfield tag="003">NjP</controlfield>
   <controlfield tag="005">20171017100753.0</controlfield>
   <controlfield tag="008">890623s1985    ir            00000 ara d</controlfield>
   <datafield tag="024" ind1="7" ind2=" ">
      <subfield code="a">princeton_aco004002</subfield>
      <subfield code="2">local</subfield>
   </datafield>
   <datafield ind1=" " ind2=" " tag="035">
      <subfield code="a">(OCoLC)22317123</subfield>
   </datafield>
   <datafield ind1=" " ind2=" " tag="035">
      <subfield code="a">(CStRLIN)NJPG89-B31173</subfield>
   </datafield>
   <datafield ind1=" " ind2=" " tag="035">
      <subfield code="9">ACK4943TS</subfield>
   </datafield>
   <datafield ind1=" " ind2=" " tag="040">
      <subfield code="a">NjP</subfield>
      <subfield code="c">NjP</subfield>
   </datafield>
   <datafield ind1=" " ind2=" " tag="043">
      <subfield code="a">a-ir---</subfield>
   </datafield>
   <datafield ind1="0" ind2="3" tag="245">
      <subfield code="a">al-Shiʻr al-thāʾir /</subfield>
      <subfield code="c">iʻdād Muʻāwanīyat al-ʻAlāqāt al-Dawlīyah fī Munaẓ̣ẓamat al-Iʻlām al-Islāmī.</subfield>
   </datafield>
   <datafield ind1=" " ind2=" " tag="260">
      <subfield code="a">[Ṭihrān] :</subfield>
      <subfield code="b">Sāzmān-i Tablīghāt-i Islāmī,</subfield>
      <subfield code="c">1985.</subfield>
   </datafield>
   <datafield ind1=" " ind2=" " tag="300">
      <subfield code="a">70 p. ;</subfield>
      <subfield code="c">22 cm.</subfield>
   </datafield>
   <datafield ind1=" " ind2="0" tag="650">
      <subfield code="a">Political poetry, Arabic</subfield>
      <subfield code="z">Iran.</subfield>
   </datafield>
   <datafield ind1="2" ind2=" " tag="710">
      <subfield code="a">Sāzmān-i Tablīghāt-i Islāmī (Tehran, Iran).</subfield>
      <subfield code="b">Qism al-ʻAlāqāt al-Dawlīyah.</subfield>
      <subfield code="0">http://id.loc.gov/authorities/names/n84147878</subfield>
   </datafield>
   <datafield ind1=" " ind2=" " tag="998">
      <subfield code="a">10/15/92</subfield>
      <subfield code="s">9114</subfield>
      <subfield code="n">NjP</subfield>
      <subfield code="w">NJPG89B31173</subfield>
      <subfield code="d">06/23/89</subfield>
      <subfield code="c">KVV</subfield>
      <subfield code="b">CS</subfield>
      <subfield code="i">921015</subfield>
      <subfield code="l">NJPG</subfield>
   </datafield>
   <datafield ind1=" " ind2=" " tag="911">
      <subfield code="a">19921028</subfield>
   </datafield>
   <datafield ind1=" " ind2=" " tag="912">
      <subfield code="a">19921015000000.0</subfield>
   </datafield>
   <datafield ind1="0" ind2="0" tag="852">
      <subfield code="0">564999</subfield>
      <subfield code="b">rcppa</subfield>
      <subfield code="t">1</subfield>
      <subfield code="h">PJ7632.P64</subfield>
      <subfield code="i">S54</subfield>
      <subfield code="x">tr fr arab</subfield>
   </datafield>
   <datafield ind1=" " ind2=" " tag="959">
      <subfield code="a">2000-06-13 00:00:00 -0400</subfield>
   </datafield>
</record>
